% Encoding: UTF-8

@MISC{alleMuell,
	HOWPUBLISHED = "\url{https://www.data.gv.at/auftritte/?organisation=stadt-wien&tagFilter=M%C3%BCll}",
	AUTHOR = "Bundesministerium für Digitalisierung und Wirtschaftsstandort",
	TITLE = "Sämtliche MüllDaten Wien",
	NOTE = "Zugegriffen am 21.03.2019"
}
@MISC{problemstoffsammelstellen,
	HOWPUBLISHED = "\url{https://www.data.gv.at/katalog/dataset/47c7ffa9-65ba-41d1-9461-4e5458afd62e}",
	AUTHOR = "Bundesministerium für Digitalisierung und Wirtschaftsstandort",
	TITLE = "Problemstoffsammelstellen Wien",
	NOTE = "Zugegriffen am 21.03.2019"
}

@MISC{alstoffsammelstellen,
	HOWPUBLISHED = "\url{https://www.data.gv.at/katalog/dataset/8d482810-26da-4bbc-8599-6b1fd1ab8743}",
	AUTHOR = "Bundesministerium für Digitalisierung und Wirtschaftsstandort",
	TITLE = "Altstoffsammelstellen Wien",
	NOTE = "Zugegriffen am 21.03.2019"
}

@MISC{mistplaetze,
	HOWPUBLISHED = "\url{https://www.data.gv.at/katalog/dataset/54fc7750-8540-4c22-8d46-9a6a2641c41a}",
	AUTHOR = "Bundesministerium für Digitalisierung und Wirtschaftsstandort",
	TITLE = "Mistplätze Wien",
	NOTE = "Zugegriffen am 21.03.2019"
}

@MISC{mobileProblemstoffsmst,
	HOWPUBLISHED = "\url{https://www.data.gv.at/katalog/dataset/d2c6f6f5-2236-4217-8361-3297b6369979}",
	AUTHOR = "Bundesministerium für Digitalisierung und Wirtschaftsstandort",
	TITLE = "Mobile Problemstoffsammelstellen Wien",
	NOTE = "Zugegriffen am 21.03.2019"
}

@MISC{christbaumsammelstellen,
	HOWPUBLISHED = "\url{https://www.data.gv.at/katalog/dataset/038920bb-8c40-4a30-8d0c-0a29bcd64751}",
	AUTHOR = "Bundesministerium für Digitalisierung und Wirtschaftsstandort",
	TITLE = "Christbaumsammelstellen Wien",
	NOTE = "Zugegriffen am 21.03.2019"
}

@MISC{muelltrennabc,
	HOWPUBLISHED = "\url{https://www.wien.gv.at/umwelt/ma48/beratung/muelltrennung/mistabc.html}",
	AUTHOR = "Stadt Wien",
	TITLE = "Mülltrenn ABC",
	NOTE = "Zugegriffen am 21.03.2019"
}

@MISC{materialcolorscheme,
	HOWPUBLISHED = "\url{https://material.io/tools/color/#!/?view.left=0&view.right=0&primary.color=263238&secondary.color=FF9100&primary.text.color=ffffff}",
	AUTHOR = "Gruppe 06",
	TITLE = "Mr. Trash Colorscheme",
	NOTE = "Zugegriffen am 21.03.2019"
}

@MISC{materialproductguideline,
	HOWPUBLISHED = "\url{https://material.io/design/iconography/product-icons.html}",
	AUTHOR = "Google LLC",
	TITLE ="Material Design Product Icons",
	NOTE = "Zugegriffen am 25.03.2019"
}

@MISC{adobeillustrator,
	HOWPUBLISHED = "\url{https://www.adobe.com/at/products/illustrator.html}",
	AUTHOR = "Adobe Systems Incorporated",
	TITLE ="Adobe Illustrator Landing Page",
	NOTE = "Zugegriffen am 25.03.2019"
}

@MISC{stickersheets,
	HOWPUBLISHED = "\url{https://material.io/archive/guidelines/resources/sticker-sheets-icons.html}",
	AUTHOR = "Google LLC",
	TITLE ="Sticker sheets \& icons",
	NOTE = "Zugegriffen am 25.03.2019"
}